<?xml version="1.0" encoding="UTF-8"?><collection xmlns="http://www.loc.gov/MARC21/slim"><record><leader>00324nam--2200133-i-4500</leader><controlfield tag="001">000042938</controlfield><controlfield tag="002">20161230</controlfield><controlfield tag="005">20161230201043</controlfield><controlfield tag="008">060222s1000------------r-----000-0-eng-d</controlfield><datafield ind1=" " ind2=" " tag="080"><subfield code="a">546.15(016)</subfield></datafield><datafield ind1=" " ind2=" " tag="100"><subfield code="a">S Tiennon-bovy,R</subfield></datafield><datafield ind1=" " ind2=" " tag="245"><subfield code="a">Bibliographi:iode-133 1939-1961</subfield></datafield><datafield ind1=" " ind2=" " tag="260"><subfield code="a">Bruxelles, Cen, 1962. 12 P</subfield></datafield><datafield ind1=" " ind2=" " tag="852"><subfield code="a">D.1068</subfield></datafield></record></collection>